<?xml version="1.0" encoding="UTF-8"?><collection xmlns="http://www.loc.gov/MARC21/slim"><record><leader>00467nam--2200181-i-4500</leader><controlfield tag="001">000035026</controlfield><controlfield tag="002">20161230</controlfield><controlfield tag="005">20161230201040</controlfield><controlfield tag="008">060222s1000------------r-----000-0-eng-d</controlfield><datafield ind1=" " ind2=" " tag="040"><subfield code="a">IFIN-HH</subfield></datafield><datafield ind1=" " ind2=" " tag="080"><subfield code="a">539.1</subfield></datafield><datafield ind1="1" ind2=" " tag="100"><subfield code="a">Roy, R.R</subfield></datafield><datafield ind1="1" ind2="0" tag="245"><subfield code="a">Nuclear physics</subfield><subfield code="b">Theory and experiment</subfield><subfield code="c">R.r. roy; b.p. nigam</subfield></datafield><datafield ind1=" " ind2=" " tag="260"><subfield code="a">SYDNEY</subfield><subfield code="b">John Wiley &amp; Sons, Inc</subfield><subfield code="c">1967</subfield></datafield><datafield ind1=" " ind2=" " tag="300"><subfield code="a">XII+616P</subfield></datafield><datafield ind1="1" ind2=" " tag="700"><subfield code="a">Nigam, B.P</subfield></datafield><datafield ind1=" " ind2=" " tag="852"><subfield code="a">29044</subfield><subfield code="c">539</subfield></datafield><datafield ind1=" " ind2=" " tag="CAT"><subfield code="a">Sys</subfield><subfield code="c">20101116</subfield><subfield code="h">120940</subfield></datafield></record></collection>